@article{earlydeepfakeimage,
author = {Fatima Shahzad, Hina and Rustam, Furqan and Flores, Emmanuel and Mazón, Juan Luis and De la Torre Díez, Isabel and Ashraf, Imran},
year = {2022},
month = {06},
pages = {4556},
title = {A Review of Image Processing Techniques for Deepfakes},
volume = {22},
journal = {Sensors},
doi = {10.3390/s22124556}
}
@techreport{misinformation,
    author = {Tina Brooks and Princess G and Jesse Heatley and Jeremy J and Scott Kim and Samantha M and Sara Parks and Maureen Reardon and Harley Rohrbacher and Burak Sahin and Shani S and James S and Oliver T and Richard V},
    title = {Increasing Threat of DeepFake Identities},
    institution = {United States Department of Homeland Security},
    year = {2021}
}
@techreport{pornography,
    title = {State Of Deepfakes},
    institution = {Security Hero},
    year = {2023},
    url = {https://www.securityhero.io/state-of-deepfakes/}
}
@article{huang2020fakeretouch,
  title={Fakeretouch: Evading deepfakes detection via the guidance of deliberate noise},
  author={Huang, Yihao and Juefei-Xu, Felix and Guo, Qing and Xie, Xiaofei and Ma, Lei and Miao, Weikai and Liu, Yang and Pu, Geguang},
  journal={arXiv preprint arXiv:2009.09213},
  volume={1},
  number={2},
  year={2020}
}
@inproceedings{pertubations,
  author={Gandhi, Apurva and Jain, Shomik},
  booktitle={2020 International Joint Conference on Neural Networks (IJCNN)}, 
  title={Adversarial Perturbations Fool Deepfake Detectors}, 
  year={2020},
  volume={},
  number={},
  pages={1-8},
  keywords={Perturbation methods;Detectors;Faces;Electronics packaging;Training;Neural networks;Generative adversarial networks;Deepfakes;Adversarial perturbations;Lipschitz regularization;Deep Image Prior;Image restoration},
  doi={10.1109/IJCNN48605.2020.9207034}
}
@article{yu2021survey,
  title={A survey on deepfake video detection},
  author={Yu, Peipeng and Xia, Zhihua and Fei, Jianwei and Lu, Yujiang},
  journal={Iet Biometrics},
  volume={10},
  number={6},
  pages={607--624},
  year={2021},
  publisher={Wiley Online Library}
}
@ARTICLE{blinking-pattern,
  author={Jung, Tackhyun and Kim, Sangwon and Kim, Keecheon},
  journal={IEEE Access}, 
  title={DeepVision: Deepfakes Detection Using Human Eye Blinking Pattern}, 
  year={2020},
  volume={8},
  number={},
  pages={83144-83154},
  keywords={Gallium nitride;Detectors;Visualization;Target tracking;Machine learning;Generative adversarial networks;Biology;Cyber security;deep-fake;GANs;deep learning},
  doi={10.1109/ACCESS.2020.2988660}
}
@article{varying-blink,
  title={Ontogeny of spontaneous blinking and of habituation of the blink reflex},
  author={Zametkin, Alan J and Stevens, Janice R and Pittman, Richard},
  journal={Annals of Neurology: Official Journal of the American Neurological Association and the Child Neurology Society},
  volume={5},
  number={5},
  pages={453--457},
  year={1979},
  publisher={Wiley Online Library}
}
@article{ranjan2017hyperface,
  title={Hyperface: A deep multi-task learning framework for face detection, landmark localization, pose estimation, and gender recognition},
  author={Ranjan, Rajeev and Patel, Vishal M and Chellappa, Rama},
  journal={IEEE transactions on pattern analysis and machine intelligence},
  volume={41},
  number={1},
  pages={121--135},
  year={2017},
  publisher={IEEE}
}
@article{EAR,
  title={Real-time eye blink detection using facial landmarks},
  author={Cech, Jan and Soukupova, Tereza},
  journal={Cent. Mach. Perception, Dep. Cybern. Fac. Electr. Eng. Czech Tech. Univ. Prague},
  pages={1--8},
  year={2016}
}
@misc{eyeblinkprediction,
    author={Kaggle},
    title={Eye Blinking Prediction},
    year={2018},
    url={https://www.kaggle.com/c/compomicssummer2018/data}
}
@INPROCEEDINGS{ictuoculi,
  author={Li, Yuezun and Chang, Ming-Ching and Lyu, Siwei},
  booktitle={2018 IEEE International Workshop on Information Forensics and Security (WIFS)}, 
  title={In Ictu Oculi: Exposing AI Created Fake Videos by Detecting Eye Blinking}, 
  year={2018},
  volume={},
  number={},
  pages={1-7},
  keywords={Face;Gallium nitride;Training;Generators;Biological neural networks},
  doi={10.1109/WIFS.2018.8630787}
}
@misc{mediapipe,
    author={Google},
    title={Face landmark detection guide},
    year={2024},
    url={https://ai.google.dev/edge/mediapipe/solutions/vision/face_landmarker}
}
@misc{openface,
    author={TadasBaltrusaitis},
    title={Open Face},
    year={2021},
    url={https://github.com/TadasBaltrusaitis/OpenFace}
}
@article{juefei2022countering,
  title={Countering malicious deepfakes: Survey, battleground, and horizon},
  author={Juefei-Xu, Felix and Wang, Run and Huang, Yihao and Guo, Qing and Ma, Lei and Liu, Yang},
  journal={International journal of computer vision},
  volume={130},
  number={7},
  pages={1678--1734},
  year={2022},
  publisher={Springer}
}
@inproceedings{carlini2017towards,
  title={Towards evaluating the robustness of neural networks},
  author={Carlini, Nicholas and Wagner, David},
  booktitle={2017 ieee symposium on security and privacy (sp)},
  pages={39--57},
  year={2017},
  organization={Ieee}
}
@misc{cwl2python,
    author={kkew3},
    title={A rich-documented PyTorch implementation of Carlini-Wagner's L2 attack},
    year={2018},
    url={https://github.com/kkew3/pytorch-cw2}
}
@article{brown2017adversarial,
  title={Adversarial patch},
  author={Brown, Tom B and Man{\'e}, Dandelion and Roy, Aurko and Abadi, Mart{\'\i}n and Gilmer, Justin},
  journal={arXiv preprint arXiv:1712.09665},
  year={2017}
}
@inproceedings{roessler2019faceforensicspp,
    author = {Andreas R\"ossler and Davide Cozzolino and Luisa Verdoliva and Christian Riess and Justus Thies and Matthias Nie{\ss}ner},
    title = {Face{F}orensics++: Learning to Detect Manipulated Facial Images},
    booktitle= {International Conference on Computer Vision (ICCV)},
    year = {2019}
}
@misc{DDD_GoogleJigSaw2019,
    author = {Dufour, Nicholas and Gully, Andrew and Karlsson, Per and Vorbyov, Alexey Victor and Leung, Thomas and Childs, Jeremiah and Bregler, Christoph},
    year = {2019},
    month = {09},
    title = {DeepFakes Detection Dataset by {G}oogle \& {J}ig{S}aw}
}
@misc{DFDC2020,
    title={The DeepFake Detection Challenge Dataset},
    author={Brian Dolhansky and Joanna Bitton and Ben Pflaum and Jikuo Lu and Russ Howes and Menglin Wang and Cristian Canton Ferrer},
    year={2020},
    eprint={2006.07397},
    archivePrefix={arXiv},
    primaryClass={cs.CV}
}
@misc{kagglemeta,
    author={Kaggle},
    title={Deepfake Detection Challenge},
    year={2019},
    url={https://www.kaggle.com/c/deepfake-detection-challenge/data}
}
@misc{dcsquota,
    author={{DCS Tech Team}},
    title={Disk Usage Policy},
    url={https://warwick.ac.uk/fac/sci/dcs/intranet/user_guide/quotas/}
}
@article{croitoru2023diffusion,
  title={Diffusion models in vision: A survey},
  author={Croitoru, Florinel-Alin and Hondru, Vlad and Ionescu, Radu Tudor and Shah, Mubarak},
  journal={IEEE Transactions on Pattern Analysis and Machine Intelligence},
  volume={45},
  number={9},
  pages={10850--10869},
  year={2023},
  publisher={IEEE}
}
@article{ankile2023denoising,
  title={Denoising diffusion probabilistic models as a defense against adversarial attacks},
  author={Ankile, Lars Lien and Midgley, Anna and Weisshaar, Sebastian},
  journal={arXiv preprint arXiv:2301.06871},
  year={2023}
}
@article{nie2022diffusion,
  title={Diffusion models for adversarial purification},
  author={Nie, Weili and Guo, Brandon and Huang, Yujia and Xiao, Chaowei and Vahdat, Arash and Anandkumar, Anima},
  journal={arXiv preprint arXiv:2205.07460},
  year={2022}
}
@misc{khalid2021fakeavceleb,
      title={FakeAVCeleb: A Novel Audio-Video Multimodal Deepfake Dataset}, 
      author={Hasam Khalid and Shahroz Tariq and Simon S. Woo},
      year={2021},
      eprint={2108.05080},
      archivePrefix={arXiv},
      primaryClass={cs.CV}
}