@article{human-detection,
    title={Deepfake detection by human crowds, machines, and machine-informed crowds},
    author={Matthew Groh and Ziv Epstein and Chaz Firestone and Rosalind Picard},
    journal={Psychological and Cognitive Sciences},
    volume={199},
    number={1},
    pages={119},
    year={2022},
    publisher={PNAS},
    url = {https://doi.org/10.1073/pnas.2110013119}
}
@techreport{human-aware,
    author = {Europol Innovation Lab},
    title = {Facing Reality? Law enforcement and the challenges of deepfakes},
    institution = {Europol},
    year = 2022,
    url = {https://www.europol.europa.eu/cms/sites/default/files/documents/Europol_Innovation_Lab_Facing_Reality_Law_Enforcement_And_The_Challenge_Of_Deepfakes.pdf}}
}
@inproceedings{roessler2019faceforensicspp,
    author = {Andreas R\"ossler and Davide Cozzolino and Luisa Verdoliva and Christian Riess and Justus Thies and Matthias Nie{\ss}ner},
    title = {Face{F}orensics++: Learning to Detect Manipulated Facial Images},
    booktitle= {International Conference on Computer Vision (ICCV)},
    year = {2019}
}
@misc{DDD_GoogleJigSaw2019, 
    author = {Dufour, Nicholas and Gully, Andrew and Karlsson, Per and Vorbyov, Alexey Victor and Leung, Thomas and Childs, Jeremiah and Bregler, Christoph},
    date = {2019-09},
    title = {DeepFakes Detection Dataset by Google \& JigSaw}
}
@misc{deepfake-detection-challenge,
    author = {benpflaum and Brian G and djdj and Irina Kofman and JE Tester and JLElliott and Joshua Metherd and Julia Elliott and Mozaic and Phil Culliton and Sohier Dane and Woo Kim},
    title = {Deepfake Detection Challenge},
    publisher = {Kaggle},
    year = {2019},
    url = {https://kaggle.com/competitions/deepfake-detection-challenge}
}
@techreport{pornography,
    title = {State Of Deepfakes},
    institution = {Security Hero},
    year = {2023},
    url = {https://www.securityhero.io/state-of-deepfakes/}
}
@INPROCEEDINGS{watermark,
  author={Qureshi, Amna and Meg√≠as, David and Kuribayashi, Minoru},
  booktitle={2021 Asia-Pacific Signal and Information Processing Association Annual Summit and Conference (APSIPA ASC)}, 
  title={Detecting Deepfake Videos using Digital Watermarking}, 
  year={2021},
  volume={},
  number={},
  pages={1786-1793},
  doi={}
}
@article{watermarkvideo,
author = {Adnan Alattar and Ravi Sharma and John Scriven},
title = {A System for Mitigating the Problem of Deepfake News Videos Using Watermarking},
journal = {Electronic Imaging},
volume = {32},
number = {4},
pages = {117-1--117-1},
keywords = {Fake news, DeepFakes, Watermarking, Deep Learning, Blockchain, Authentication},
doi = {10.2352/ISSN.2470-1173.2020.4.MWSF-117},
url = {https://library.imaging.org/ei/articles/32/4/art00011},
year = {2020}, 
}
@ARTICLE{powerdraw,
  author={Nagothu, Deeraj and Xu, Ronghua and Chen, Yu and Blasch, Erik and Aved, Alexander},
  journal={IT Professional}, 
  title={DeFakePro: Decentralized Deepfake Attacks Detection Using ENF Authentication}, 
  year={2022},
  volume={24},
  number={5},
  pages={46-52},
  doi={10.1109/MITP.2022.3172653}}
@InProceedings{geometry,
author = {Tursman, Eleanor and George, Marilyn and Kamara, Seny and Tompkin, James},
title = {Towards Untrusted Social Video Verification to Combat Deepfakes via Face Geometry Consistency},
booktitle = {Proceedings of the IEEE/CVF Conference on Computer Vision and Pattern Recognition (CVPR) Workshops},
month = {June},
year = {2020}
}
@article{horizon,
  title={Countering malicious deepfakes: Survey, battleground, and horizon},
  author={Juefei-Xu, Felix and Wang, Run and Huang, Yihao and Guo, Qing and Ma, Lei and Liu, Yang},
  journal={International journal of computer vision},
  volume={130},
  number={7},
  pages={1678--1734},
  year={2022},
  publisher={Springer}
}
