@article{altuncu2024deepfake,
  title={{DeepFake: Definitions, Performance Metrics and Standards, Datasets, and a Meta-Review}},
  author={Altuncu, Enes and Franqueira, Virginia NL and Li, Shujun},
  journal={Frontiers in Big Data},
  volume={7},
  pages={1400024},
  year={2024},
  publisher={Frontiers Media SA}
}
@article{diel2024human,
  title={{Human Performance in Detecting DeepFakes: A Systematic Review and Meta-Analysis of 56 papers}},
  author={Diel, Alexander and Lalgi, Tania and Schr{\"o}ter, Isabel Carolin and MacDorman, Karl F and Teufel, Martin and B{\"a}uerle, Alexander},
  journal={Computers in Human Behavior Reports},
  volume={16},
  pages={100538},
  year={2024},
  publisher={Elsevier}
}
@article{europol2022facing,
  title={{Facing Reality? Law Enforcement and the Challenge of Deepfakes}},
  author={Europol},
  year={2022},
  publisher={Europol Innovation Lab; Publications Office of the European Union Luxembourg}
}
@techreport{sensity2024state,
  author={Francesco Cavalli},
  title={{The State of DeepFakes 2024}},
  institution={sensity.ai},
  year={2024}
}
@article{lecun2015deep,
  title={{Deep Learning}},
  author={LeCun, Yann and Bengio, Yoshua and Hinton, Geoffrey},
  journal={nature},
  volume={521},
  number={7553},
  pages={436--444},
  year={2015},
  publisher={Nature Publishing Group UK London}
}
@misc{papersiwthcodedeepfakedetection,
  author={{PapersWithCode}},
  title={{DeepFake Detection}},
  url={https://paperswithcode.com/task/deepfake-detection},
  note={Last accessed 31/03/2025}
}
@inproceedings{gandhi2020adversarial,
  title={{Adversarial Perturbations Fool Deepfake Detectors}},
  author={Gandhi, Apurva and Jain, Shomik},
  booktitle={2020 International joint conference on neural networks (IJCNN)},
  pages={1--8},
  year={2020},
  organization={IEEE}
}
@book{schiffman1990sensation,
  title={{Sensation and Perception: An Integrated Approach}},
  author={Schiffman, Harvey Richard},
  year={1990},
  publisher={John Wiley \& Sons}
}
@article{singh2018art,
  title={{The Art and Science of Digital Visual Media Forensics}},
  author={Singh, RD},
  journal={J Forensic Leg Investig Sci},
  volume={4},
  pages={021},
  year={2018}
}
@article{corcoran2014digital,
  title={{Digital Beauty: The good, the bad, and the (not-so) ugly}},
  author={Corcoran, Peter and Stan, Cosmin and Florea, Corneliu and Ciuc, Mihai and Bigioi, Petronel},
  journal={IEEE Consumer Electronics Magazine},
  volume={3},
  number={4},
  pages={55--62},
  year={2014},
  publisher={IEEE}
}
@article{ozturk2023vicious,
  title={{Vicious Circle: John Whitney and the Military Origins of Early CGI}},
  author={Ozturk, Selen},
  journal={Bright Lights Film Journal},
  year={2023}
}
@misc{rogueone,
  title={{Rogue One: A Star Wars Story}},
  author={Gareth Edwards and Kathleen Kennedy and Allison Shearmur and Simon Emanuel},
  year={2016},
  publisher={{Lucasfilm Ltd.}}
}